@book{Chernova,
  title = {Теория вероятностей},
  author = {Чернова, Н.И.},
  year = {2007},
  publisher = {Изд-во МЦНМО},
  language = {russian}
}

@book{stirzaker1992probability,
  title={Probability and random processes},
  author={Stirzaker, DR and Grimmett, GR},
  year={1992},
  publisher={Clarendon Press}
}