@article{weisstein2000cubature,
  title={Cubature},
  author={Weisstein, Eric W},
  journal={https://mathworld. wolfram. com/},
  year={2000},
  publisher={Wolfram Research, Inc.}
}

@misc{miller2015earliest,
  title={Earliest known uses of some of the words of mathematics},
  author={Miller, Jeff and others},
  year={2015}
}

@article{ossendrijver2016ancient,
  title={Ancient Babylonian astronomers calculated Jupiterâ€™s position from the area under a time-velocity graph},
  author={Ossendrijver, Mathieu},
  journal={Science},
  volume={351},
  number={6272},
  pages={482--484},
  year={2016},
  publisher={American Association for the Advancement of Science}
}

@book{leader2004numerical,
  title={Numerical analysis and scientific computation},
  author={Leader, Jeffery J},
  number={Sirsi) i9780201734997},
  year={2004}
}

@article{stroud1971approximate,
  title={Approximate calculation of multiple integrals},
  author={Stroud, Arthur H},
  year={1971},
  publisher={Prentice-Hall}
}

@inproceedings{briol2015frank,
  title={Frank-Wolfe Bayesian quadrature: Probabilistic integration with theoretical guarantees},
  author={Briol, Fran{\c{c}}ois-Xavier and Oates, Chris and Girolami, Mark and Osborne, Michael A},
  booktitle={Advances in Neural Information Processing Systems},
  pages={1162--1170},
  year={2015}
}
@article{barnhill1976philip,
  title={Philip J. Davis and Philip Rabinowitz, Methods of numerical integration},
  author={Barnhill, Robert E and others},
  journal={Bulletin of the American Mathematical Society},
  volume={82},
  number={4},
  pages={538--539},
  year={1976},
  publisher={American Mathematical Society}
}

@article{forsythe1977computer,
  title={Computer methods for mathematical computations.},
  author={Forsythe, George Elmer},
  journal={Prentice-Hall series in automatic computation},
  volume={259},
  year={1977},
  publisher={Prentice-Hall, Inc.}
}

@book{press2007numerical,
  title={Numerical recipes 3rd edition: The art of scientific computing},
  author={Press, William H and Teukolsky, Saul A and Vetterling, William T and Flannery, Brian P},
  year={2007},
  publisher={Cambridge university press}
}

@book{stoer2013introduction,
  title={Introduction to numerical analysis},
  author={Stoer, Josef and Bulirsch, Roland},
  volume={12},
  year={2013},
  publisher={Springer Science \& Business Media}
}

@book{boyer2011history,
  title={A history of mathematics},
  author={Boyer, Carl B and Merzbach, Uta C},
  year={2011},
  publisher={John Wiley \& Sons}
}

@article{eves1990introduction,
  title={An introduction to the history of mathematics, Saunders Series},
  author={Eves, Howard},
  journal={USA: Cengage Learning. ISBN},
  volume={13},
  pages={978--0030295584},
  year={1990}
}