@article{Kelbert,
  title = {Вероятность и статистика в примерах и задачах},
  author = {Кельберт, М. Я. and Сухов, Ю. М.},
  year = {2007},
  publisher = {Изд-во МЦНМО},
  language = {russian}
}

@article{markov,
  author = {Марков, А.А.},
  title = {Распространение закона больших чисел на величины, зависящие друг от друга},
  year = {1906},
  journal={Известия Физико-математического общества при Казанском университете},
  pages = {135--156},
  language = {russian}
}

@Article{prohorov,
  author = {Прохоров А.В.},
  title = {Маркова цепь},
  year = {2004},
  journal = {Большая российская энциклопедия},
  pages = {35},
  language = {russian}
}

@article{kemeny,
  author={Kemeny, ~John ~G and Snell, ~James ~Laurie},
  title={Finite markov chains, undergraduate texts in mathematics},
  year={1976}
}

@book{chzhun,
  author={Чжун, К.},
  title={Однородные цепи Маркова},
  year={1964},
  publisher={Мир},
  language = {russian}
}

@book{nummelin,
  author={Нуммелин, Э.},
  title={Общие неприводимые цепи Маркова и неотрицательные операторы: пер. с англ},
  year={1989},
  publisher={Мир},
  language = {russian}
}

@article{morimoto,
  author={Morimoto, ~Tetsuzo},
  title={Markov processes and the H-theorem},
  journal={Journal of the Physical Society of Japan},
  volume={18},
  number={3},
  pages={328--331},
  year={1963},
  publisher={The Physical Society of Japan}
}

@book{yaglom,
  author={Яглом, А. М. and Яглом, И.},
  title={Вероятность и информация},
  year={1960},
  publisher={Рипол Классик},
  language = {russian}
}

@book{kullback,
  author={Kullback, ~Solomon},
  title={Information theory and statistics},
  year={1997},
  publisher={Courier Corporation}
}

@article{burg,
  author={Burg, ~John ~Parker},
  title={The relationship between maximum entropy spectra and maximum likelihood spectra},
  journal={Geophysics},
  volume={37},
  number={2},
  pages={375--376},
  year={1972},
  publisher={Society of Exploration Geophysicists}
}

@article{tsallis,
  author={Tsallis, ~Constantino},
  title={Possible generalization of Boltzmann-Gibbs statistics},
  journal={Journal of statistical physics},
  volume={52},
  number={1-2},
  pages={479--487},
  year={1988},
  publisher={Springer}
}

@article{rudoy,
  author={Рудой, Ю. Г.},
  title={Обобщенная информационная энтропия и неканоническое распределение в равновесной статистической механике},
  journal={Теоретическая и математическая физика},
  volume={135},
  number={1},
  pages={3--54},
  year={2003},
  publisher={Российская академия наук, Математический институт им. ВА Стеклова Российской~…},
  language = {russian}
}

@article{gorban,
  author={Gorban, ~Alexander ~N and Gorban, ~Pavel ~A and Judge, ~George},
  title={Entropy: the Markov ordering approach},
  journal={Entropy},
  volume={12},
  number={5},
  pages={1145--1193},
  year={2010},
  publisher={Molecular Diversity Preservation International}
}

