% Encoding: UTF-8

@Misc{Teplyakov,
	author = {А.~Тепляков},
	title  = {Моделируя жизнь},
	year   = {2001},
	url    = {http://arbuz.uz/z\_pihns.html},
}

@Comment{jabref-meta: databaseType:bibtex;}
