@article{markov1906rasprostranenie,
  title={Rasprostranenie zakona bolâ€™shih chisel na velichiny, zavisyaschie drug ot druga},
  author={Markov, Andrei Andreevich},
  journal={Izvestiya Fiziko-matematicheskogo obschestva pri Kazanskom universitete},
  volume={15},
  number={135-156},
  pages={18},
  year={1906}
}

@article{berger2009supersymmetry,
  title={Supersymmetry without prejudice},
  author={Berger, Carola F and Gainer, James S and Hewett, JoAnne L and Rizzo, Thomas G},
  journal={Journal of High Energy Physics},
  volume={2009},
  number={02},
  pages={023},
  year={2009},
  publisher={IOP Publishing}
}

@book{markov2006classical,
  title={Classical text in translation: An example of statistical investigation of the text Eugene Onegin concerning the connection of samples in chains},
  author={Markov, Andrei Andreevich},
  year={2006},
  publisher={Cambridge University Press}
}

@book{meyn2012markov,
  title={Markov chains and stochastic stability},
  author={Meyn, Sean P and Tweedie, Richard L},
  year={2012},
  publisher={Springer Science \& Business Media}
}

@article{booth1967sequential,
  title={Sequential machines and automata theory},
  author={Booth, Taylor L},
  year={1967},
  publisher={Wiley}
}

@article{kemeny1959finite,
  title={Finite mathematical structures},
  author={Kemeny, John G and Mirkill, Hazleton and Snell, J Laurie and Thompson, Gerald L},
  year={1959},
  publisher={Library of Congress Card Catalog Number 59-12841}
}

@article{kemeny1960finite,
  title={Finite Markov Chains. D Van Nostad Co},
  author={Kemeny, John G and Snell, J Laurie},
  journal={Inc., Princeton, NJ},
  year={1960}
}

@book{nummelin2004general,
  title={General irreducible Markov chains and non-negative operators},
  author={Nummelin, Esa},
  volume={83},
  year={2004},
  publisher={Cambridge University Press}
}

@book{seneta2006non,
  title={Non-negative matrices and Markov chains},
  author={Seneta, Eugene},
  year={2006},
  publisher={Springer Science \& Business Media}
}

@book{trivedi1982probability,
  title={Probability and statistics with reliability, queuing, and computer science applications},
  author={Trivedi, Kishor Shridharbhai},
  volume={13},
  year={1982},
  publisher={Wiley Online Library}
}

@article{trivedi2009sharpe,
  title={SHARPE at the age of twenty two},
  author={Trivedi, Kisho S and Sahner, Robin},
  journal={ACM SIGMETRICS Performance Evaluation Review},
  volume={36},
  number={4},
  pages={52--57},
  year={2009},
  publisher={ACM New York, NY, USA}
}

@book{sahner2012performance,
  title={Performance and reliability analysis of computer systems: an example-based approach using the SHARPE software package},
  author={Sahner, Robin A and Trivedi, Kishor and Puliafito, Antonio},
  year={2012},
  publisher={Springer Science \& Business Media}
}

@article{bolch1998greiner,
  title={Greiner, H. de Meer, and KS Trivedi},
  author={Bolch, Guntel},
  journal={Queueing networks and Markov chains},
  year={1998},
  publisher={John Wiley \& Sons}
}