@Misc{Bogomolny,
	author = {A.~Bogomolny},
	month  = aug,
	title  = {Math Surprises: An Example},
	year   = {2001},
	url    = {http://www.cut-the-knot.org/ctk/August2001.shtml},
}

@Article{Hall1872,
	author  = {A.~Hall},
	journal = {The Messenger of Mathematics},
	title   = {On an experimental determination of Pi},
	year    = {1872},
	pages   = {113--114},
	volume  = {2},
}

@Article{Fishman1996,
	author  = {Fishman, George~S},
	journal = {Springer},
	title   = { Monte Carlo : concepts, algorithms, and applications},
	year    = {1996},
}

@Article{Metropolis1949,
	author    = {Nicholas Metropolis and S. Ulam},
	journal   = {Journal of the American Statistical Association},
	title     = {The Monte Carlo Method},
	year      = {1949},
	month     = sep,
	number    = {247},
	pages     = {335--341},
	volume    = {44},
	doi       = {10.1080/01621459.1949.10483310},
	publisher = {Informa {UK} Limited},
	url       = {https://doi.org/10.1080/01621459.1949.10483310},
}

@Article{Varfolomeev1959,
	author  = {A.A. Varfolomeev and I.A. Svetlolobov},
	journal = {JETP},
	title   = {Monte Carlo Calculations of Electromagnetic Cascades with Account of the Influence of the Medium on Bremsstrahlung},
	year    = {1959},
	number  = {6},
	pages   = {1263--1270},
	volume  = {9},
}

@Book{Sobol1968,
	author    = {И.~М.~Соболь},
	editor    = {М.~М.~Горячая and И.~М.~Овчинникова},
	publisher = {М., <<Наука>>},
	title     = {Метод Монте--Карло},
	year      = {1968},
}

@Misc{Teplyakov,
	author = {А.~Тепляков},
	title  = {Моделируя жизнь},
	year   = {2001},
	url    = {http://arbuz.uz/z\_pihns.html},
}

@Article{Foulkes2001,
	author  = {W. M. C. Foulkes, L. Mitas, R. J. Needs, and G. Rajagopal},
	journal = {Reviews of Modern Physics},
	title   = {Quantum Monte Carlo simulations of solids},
	year    = {2001},
}

@Misc{Anderson,
	author  = {Herbert~L.~Anderson},
	title   = {<<Metropolis, Monte Carlo, and the MANIAC>>},
	year    = {1986},
	printed = {LOS ALAMOS SCIENCE},
}